@inproceedings{Pri13,
    Author = {Prime, Zebb and Doolan, Con},
    Title = {A comparison of popular beamforming arrays},
    Publisher = {Australian Acoustical Society},
    Year = {2013},
    booktitle = {Proceedings of ACOUSTIC 2013}
    }
    
@article{Yan05,
    Author = {Yan, Shefeng},
    Title = {Broadband Beamspace DOA Estimation: Frequency-Domain and Time-Domain Processing Approaches},
    Publisher = {Hindawi},
    Journal = {EURASIP Journal on Advances in Signal Processing},
    Volume = {2007},
    Year = {2005}
    }

@book{Ben08,
    Author = {Benesty, Jacob and Chen, Jingdong and Huang, Yiteng},
    Title = {Microphone Array Signal Processing},
    Publisher = {Springer},
    Year = {2008},
    Volume = {1}}
    
@inproceedings{Ami08,
    Author = {Shahedul Amin and Ahmed-Ur-Rahman and Saabah-Bin-Mahbub and Khawza I. Ahmed and Zahidur Rahim Chowdhury},
    Title = {Estimation of Direction of Arrival (DOA) Using Real-Time Array Signal Processing},
    Year = {2008},
    booktitle = {5th International Conference on Electrical and Computer Engineering}
    }
    
@misc{GreWeb,
    title={The Lab Book Pages}, 
    year={2019},
    url={http://www.labbookpages.co.uk/audio/beamforming/delaySum.html}, 
    journal={Sitewide RSS}, 
    author={Greensted, Andrew}
    }

@article{Kri13,
    title={Beamforming for Direction-of-Arrival (DOA) Estimation-A Survey},
    year = {2013},
    author ={V Krishnaveni and T Kesavamurthy and Apama.B},
    journal = {International Journal of Computer Applications},
    Volume = {61},
    Issue = {11}
    }

@misc{Sch17,
    title = {Circles, Sines, and Signals},
    year ={2017},
    author = {Jack Schaedler},
    url = {https://jackschaedler.github.io/circles-sines-signals/s}
    }

@misc{Ist,
    title = {Condition Monitoring of rotating machines},
    author = {Sander Bakker},
    publisher = {Istec},
    url = {https://www.istec.com/en/condition-monitoring-rotating-machines/},
    year = {n.d.}
    }
    
@misc{Smi,
    title = {Portable Sound Camera SeeSV-S205},
    author = {SM-Instruments},
    url = {http://smins.co.kr/en/products/portable-sound-camera/portable-sound-camera/},
    year = {n.d.}
    }
    
@article{McC01,
    title = {Robust Speech Recognition using Microphone Arrays},
    author = {Iain McCowan},
    year = {2001},
    publisher = {Queensland University of Technology}
    }
    
@book{Tra06,
    title = {LabVIEW for Everyone: Graphical Programming Made Easy and Fun},
    author = {Jeffrey Travis and Jim Kring},
    year = {2006},
    publisher = {Prentice Hall},
    edition = {3rd}
    }
    
@article{San17,
    title = {Study on the application of digital MEMS microphones for Aerocoustic Noise Source localization for Large Drones},
    author = {Marijn Sanders},
    year = {2017},
    publisher = {Unversity of Twente}
    }
    
@article{Laws87,
    author = {Laws, W. C. and Muszynska, A.},
    title = "{Periodic and Continuous Vibration Monitoring for Preventive/Predictive Maintenance of Rotating Machinery}",
    journal = {Journal of Engineering for Gas Turbines and Power},
    volume = {109},
    number = {2},
    pages = {159-167},
    year = {1987},
    month = {04},
    issn = {0742-4795},
    doi = {10.1115/1.3240019},
    url = {https://doi.org/10.1115/1.3240019},
    eprint = {https://asmedigitalcollection.asme.org/gasturbinespower/article-pdf/109/2/159/5600096/159\_1.pdf}
    }
    
@misc{Ada,
    title = {Adafruit Silicon MEMS Microphone Breakout - SPW2430},
    author = {Adafruit},
    year = {n.d.},
    url ={https://www.adafruit.com/product/2716}
    }

@misc{NI9232,
    title = {C Series Sound and Vibration Input Module},
    author = {National-Instruments},
    year = {2019},
    url ={https://www.ni.com/en-au/shop/select/c-series-sound-and-vibration-input-module?modelId=122184}
    }
    
@misc{cDAQ9178,
    title = {cDAQ-9178},
    author = {National-Intruments},
    year = {2019},
    url ={https://www.ni.com/en-au/support/model.cdaq-9178.html}
    }
    
@inproceedings{Orm13,
    author={M. {Orman} and C. T. {Pinto}},
    booktitle={2013 IEEE International Conference of IEEE Region 10 (TENCON 2013)},
    title={Usage of acoustic camera for condition monitoring of electric motors},
    year={2013},
    volume={},
    number={},
    pages={1-4},
    doi={10.1109/TENCON.2013.6718909},
    ISSN={},
    month={Oct}
    }
    
@inbook{Sha18,
    author = {Shahbazpanahi, Shahram and Jing, Yindi},
    year = {2018},
    month = {01},
    pages = {403-477},
    title = {Recent advances in network beamforming},
    isbn = {9780128118870},
    journal = {Academic Press Library in Signal Processing, Volume 7},
    doi = {10.1016/B978-0-12-811887-0.00009-2}
    }